%% This BibTeX bibliography file was created using BibDesk.
%% http://bibdesk.sourceforge.net/


%% Created for Darren Minifie at 2009-04-20 12:04:16 -0700 


%% Saved with string encoding Unicode (UTF-8) 


